<record><leader>00000cas a22000007a 4500</leader><controlfield tag="001">10399890</controlfield><controlfield tag="008">840210d18371869pauwr ne      0    0eng d</controlfield><datafield ind1=" " ind2=" " tag="010"><subfield code="a">sn 84026251 </subfield></datafield><datafield ind1=" " ind2=" " tag="040"><subfield code="a">NPU</subfield><subfield code="b">eng</subfield><subfield code="c">NPU</subfield><subfield code="d">NPY</subfield><subfield code="d">NPH</subfield><subfield code="d">NPA</subfield><subfield code="d">NPH</subfield><subfield code="d">NPX</subfield><subfield code="d">NPH</subfield><subfield code="d">DLC</subfield><subfield code="d">PPM</subfield><subfield code="d">NPH</subfield><subfield code="d">YOX</subfield><subfield code="d">MGN</subfield><subfield code="d">YOX</subfield><subfield code="d">CNK</subfield><subfield code="d">OCL</subfield><subfield code="d">CRL</subfield><subfield code="d">OCLCQ</subfield><subfield code="d">KRTAS</subfield><subfield code="d">DLC</subfield><subfield code="d">OCLCQ</subfield><subfield code="d">OCLCF</subfield><subfield code="d">CRL</subfield></datafield><datafield ind1=" " ind2=" " tag="042"><subfield code="a">msc</subfield></datafield><datafield ind1=" " ind2=" " tag="043"><subfield code="a">n-us-pa</subfield></datafield><datafield ind1="0" ind2="0" tag="050"><subfield code="a">Newspaper</subfield></datafield><datafield ind1="0" ind2="4" tag="245"><subfield code="a">The miners' journal, and Pottsville general advertiser.</subfield></datafield><datafield ind1="1" ind2="3" tag="246"><subfield code="a">Miners' journal</subfield></datafield><datafield ind1=" " ind2=" " tag="260"><subfield code="a">Pottsville, Pa. :</subfield><subfield code="b">Benjamin Bannan,</subfield><subfield code="c">-1869.</subfield></datafield><datafield ind1=" " ind2=" " tag="300"><subfield code="a">32 v. :</subfield><subfield code="b">ill. (chiefly advertisements) ;</subfield><subfield code="c">58-71 cm.</subfield></datafield><datafield ind1=" " ind2=" " tag="310"><subfield code="a">Weekly,</subfield><subfield code="b">Oct. 1838-1869</subfield></datafield><datafield ind1=" " ind2=" " tag="321"><subfield code="a">Weekly,</subfield><subfield code="b">&lt;June 3-Aug. 19, 1837&gt;</subfield></datafield><datafield ind1=" " ind2=" " tag="321"><subfield code="a">Semiweekly,</subfield><subfield code="b">Jan. 10-Oct. 20, 1838</subfield></datafield><datafield ind1="1" ind2=" " tag="362"><subfield code="a">Began in 1837.</subfield></datafield><datafield ind1="0" ind2=" " tag="362"><subfield code="a">-v. 45, no. 52 (Dec. 25, 1869).</subfield></datafield><datafield ind1=" " ind2=" " tag="500"><subfield code="a">Editor: Benjamin Bannan, &lt;1848&gt;-1869.</subfield></datafield><datafield ind1=" " ind2=" " tag="500"><subfield code="a">Publishers: Benjamin Bannan, 1837-&lt;1868&gt;; Bannan &amp; Ramsey, &lt;1868&gt;-1869.</subfield></datafield><datafield ind1=" " ind2=" " tag="500"><subfield code="a">"Organ of the anthracite coal trade of Pennsylvania."</subfield></datafield><datafield ind1=" " ind2=" " tag="515"><subfield code="a">Semiweekly papers issued on Saturday continue numbering of Miners' journal (Pottsville, Pa. : 1830), Jan. 13-Oct. 20, 1838.</subfield></datafield><datafield ind1=" " ind2=" " tag="530"><subfield code="a">Also issued on microfilm from Microfilm Corp. of Pa.</subfield></datafield><datafield ind1=" " ind2=" " tag="580"><subfield code="a">Wednesday ed.: Wednesday dollar journal, and Pottsville general advertiser, &lt;1855&gt;.</subfield></datafield><datafield ind1=" " ind2=" " tag="580"><subfield code="a">Campaign ed.: Herald of freedom and advocate of the Illinois rail-splitter, 1860.</subfield></datafield><datafield ind1=" " ind2=" " tag="580"><subfield code="a">Annual supplement: The miners' journal coal statistical register for ..., &lt;1869&gt;</subfield></datafield><datafield ind1=" " ind2=" " tag="588"><subfield code="a">Description based on: Vol. 10, no. 28 (June 3, 1837).</subfield></datafield><datafield ind1=" " ind2="0" tag="650"><subfield code="a">Coal miners</subfield><subfield code="z">Pennsylvania</subfield><subfield code="v">Newspapers.</subfield></datafield><datafield ind1=" " ind2="0" tag="651"><subfield code="a">Pottsville (Pa.)</subfield><subfield code="v">Newspapers.</subfield></datafield><datafield ind1=" " ind2="7" tag="650"><subfield code="a">Coal miners.</subfield><subfield code="2">fast</subfield><subfield code="0">(OCoLC)fst00865316</subfield></datafield><datafield ind1=" " ind2="7" tag="651"><subfield code="a">Pennsylvania.</subfield><subfield code="2">fast</subfield><subfield code="0">(OCoLC)fst01204598</subfield></datafield><datafield ind1=" " ind2="7" tag="651"><subfield code="a">Pennsylvania</subfield><subfield code="z">Pottsville.</subfield><subfield code="2">fast</subfield><subfield code="0">(OCoLC)fst01223364</subfield></datafield><datafield ind1=" " ind2="7" tag="655"><subfield code="a">Newspapers.</subfield><subfield code="2">fast</subfield><subfield code="0">(OCoLC)fst01423814</subfield></datafield><datafield ind1=" " ind2=" " tag="752"><subfield code="a">United States</subfield><subfield code="b">Pennsylvania</subfield><subfield code="c">Schuylkill</subfield><subfield code="d">Pottsville.</subfield></datafield><datafield ind1="1" ind2=" " tag="770"><subfield code="t">Miners' journal coal statistical register for ...</subfield><subfield code="w">(DLC)   08010655</subfield><subfield code="w">(OCoLC)16727332</subfield></datafield><datafield ind1="0" ind2=" " tag="775"><subfield code="t">Daily miners' journal (Pottsville, Pa. : 1869)</subfield><subfield code="w">(DLC)sn 86081725</subfield><subfield code="w">(OCoLC)13485449</subfield></datafield><datafield ind1="0" ind2=" " tag="775"><subfield code="t">Miners' journal, jr.</subfield><subfield code="w">(DLC)sn 89077657</subfield><subfield code="w">(OCoLC)18809443</subfield></datafield><datafield ind1="1" ind2=" " tag="775"><subfield code="t">Wednesday dollar journal, and Pottsville general advertiser</subfield><subfield code="w">(DLC)sn 86053877</subfield><subfield code="w">(OCoLC)14633254</subfield></datafield><datafield ind1="1" ind2=" " tag="775"><subfield code="t">Herald of freedom and advocate of the Illinois rail-splitter</subfield><subfield code="w">(DLC)sn 89077709</subfield><subfield code="w">(OCoLC)18913156</subfield></datafield><datafield ind1="0" ind2="8" tag="776"><subfield code="i">Online version:</subfield><subfield code="t">Miners' journal, and Pottsville general advertiser</subfield><subfield code="w">(OCoLC)921148080</subfield></datafield><datafield ind1="0" ind2="0" tag="780"><subfield code="t">Miners' journal (Pottsville, Pa. : 1830)</subfield><subfield code="w">(DLC)sn 86081721</subfield><subfield code="w">(OCoLC)13451862</subfield></datafield><datafield ind1="0" ind2="0" tag="785"><subfield code="t">Miners' journal (Pottsville, Pa. : 1870)</subfield><subfield code="w">(DLC)sn 86081723</subfield><subfield code="w">(OCoLC)13452209</subfield></datafield><datafield ind1=" " ind2=" " tag="938"><subfield code="a">Kirtas Technologies, Inc.</subfield><subfield code="b">KRTS</subfield><subfield code="n">738156</subfield></datafield><datafield ind1="1" ind2=" " tag="029"><subfield code="a">AU@</subfield><subfield code="b">000020412167</subfield></datafield></record>